<record><leader>00000cas a2200000 a 4500</leader><controlfield tag="001">8433977</controlfield><controlfield tag="008">820517c19789999nyuwr ne      0   a0eng d</controlfield><controlfield tag="009">265</controlfield><datafield ind1=" " ind2=" " tag="010"><subfield code="a">sn 82006420 </subfield></datafield><datafield ind1=" " ind2=" " tag="040"><subfield code="a">XDM</subfield><subfield code="b">eng</subfield><subfield code="c">XDM</subfield><subfield code="d">NSD</subfield><subfield code="d">NPX</subfield><subfield code="d">NYS</subfield><subfield code="d">OCL</subfield><subfield code="d">OCLCQ</subfield></datafield><datafield ind1="1" ind2=" " tag="022"><subfield code="a">0745-0206</subfield><subfield code="l">0745-0206</subfield><subfield code="2">1</subfield></datafield><datafield ind1="1" ind2=" " tag="029"><subfield code="a">AU@</subfield><subfield code="b">000025797173</subfield></datafield><datafield ind1=" " ind2=" " tag="037"><subfield code="b">Delaware County Times, 4 Court St., Delhi, NY, 13753</subfield></datafield><datafield ind1=" " ind2=" " tag="042"><subfield code="a">nsdp</subfield></datafield><datafield ind1="0" ind2=" " tag="130"><subfield code="a">Delaware County times (Delhi, N.Y.)</subfield></datafield><datafield ind1=" " ind2="0" tag="222"><subfield code="a">Delaware County times</subfield></datafield><datafield ind1="0" ind2="0" tag="245"><subfield code="a">Delaware County times.</subfield></datafield><datafield ind1=" " ind2=" " tag="260"><subfield code="a">Delhi, N.Y. :</subfield><subfield code="b">Catskill Mountain Pub. Co.</subfield></datafield><datafield ind1=" " ind2=" " tag="300"><subfield code="a">v. :</subfield><subfield code="b">ill. ;</subfield><subfield code="c">58 cm.</subfield></datafield><datafield ind1=" " ind2=" " tag="310"><subfield code="a">Weekly</subfield></datafield><datafield ind1="0" ind2=" " tag="362"><subfield code="a">Vol. 139, no. 39 (Oct. 5, 1978)-</subfield></datafield><datafield ind1=" " ind2=" " tag="500"><subfield code="a">Publishers: Catskill Mountain Pub. Co., 1978- ; II-B Enterprises, &lt;1980&gt;-1981; Delaware County Times, Inc., 1981-&lt;1991&gt;.</subfield></datafield><datafield ind1=" " ind2=" " tag="515"><subfield code="a">Suspended Apr. 1-Nov. 17, 1981.</subfield></datafield><datafield ind1=" " ind2=" " tag="515"><subfield code="a">No issue published: Jan. 1, 1985.</subfield></datafield><datafield ind1=" " ind2=" " tag="515"><subfield code="a">Jan. 7, 1981 issue misdated Jan. 7, 1980; May 6, 1986 (no. 234) issue misdated Apr. 30, 1986.</subfield></datafield><datafield ind1=" " ind2=" " tag="515"><subfield code="a">Numbering dropped with resumption of paper on Nov. 17, 1981; numbering designation added with issue no. 29 (June 1, 1982).</subfield></datafield><datafield ind1=" " ind2="4" tag="651"><subfield code="a">Delhi (N.Y.)</subfield><subfield code="v">Newspapers.</subfield></datafield><datafield ind1=" " ind2=" " tag="752"><subfield code="a">United States</subfield><subfield code="b">New York</subfield><subfield code="c">Delaware</subfield><subfield code="d">Delhi.</subfield></datafield><datafield ind1="0" ind2="0" tag="780"><subfield code="t">Delaware Republican-express</subfield><subfield code="w">(DLC)sn 84031838</subfield></datafield></record>